@article{O1BPQ,
author={Gerald Paul},
title={A Complexity O(1) priority queue for event driven molecular
dynamics simulations},
journal={Journal of Computational Physics},
volume={221},
year={2007},
pages={615--625}}

